%% Saved with string encoding Unicode (UTF-8)

@book{darwin2004origin,
  title={On the origin of species, 1859},
  author={Darwin, Charles},
  year={2004},
  publisher={Routledge}
}

@book{smith1993theory,
  title={The theory of evolution},
  author={Smith, John Maynard and Maynard, Smith John},
  year={1993},
  publisher={Cambridge University Press}
}

@article{winfree1975unclocklike,
  title={Unclocklike behaviour of biological clocks},
  author={Winfree, Arthur T},
  journal={Nature},
  volume={253},
  number={5490},
  pages={315--319},
  year={1975},
  publisher={Nature Publishing Group}
}
